<record><leader>00000cas a2200000 a 4500</leader><controlfield tag="001">9304652</controlfield><controlfield tag="008">830312d18081808nyudn ne      0    0eng c</controlfield><datafield ind1=" " ind2=" " tag="010"><subfield code="a">sn 83030012 </subfield></datafield><datafield ind1=" " ind2=" " tag="040"><subfield code="a">NPU</subfield><subfield code="b">eng</subfield><subfield code="c">NPU</subfield><subfield code="d">NPX</subfield><subfield code="d">DLC</subfield><subfield code="d">NPA</subfield><subfield code="d">KNP</subfield><subfield code="d">NVK</subfield><subfield code="d">OBN</subfield><subfield code="d">OCL</subfield><subfield code="d">CVF</subfield><subfield code="d">NYS</subfield><subfield code="d">DLC</subfield><subfield code="d">KRTAS</subfield><subfield code="d">DLC</subfield><subfield code="d">OCLCQ</subfield><subfield code="d">OCLCF</subfield><subfield code="d">OCLCO</subfield></datafield><datafield ind1="1" ind2=" " tag="029"><subfield code="a">AU@</subfield><subfield code="b">000020125784</subfield></datafield><datafield ind1="0" ind2=" " tag="041"><subfield code="a">engfre</subfield></datafield><datafield ind1=" " ind2=" " tag="042"><subfield code="a">pcc</subfield></datafield><datafield ind1=" " ind2=" " tag="043"><subfield code="a">n-us-ny</subfield></datafield><datafield ind1="0" ind2="0" tag="050"><subfield code="a">Newspaper</subfield></datafield><datafield ind1="0" ind2=" " tag="130"><subfield code="a">Oracle and daily advertiser (New York, N.Y.)</subfield></datafield><datafield ind1="1" ind2="2" tag="245"><subfield code="a">L'Oracle and daily advertiser.</subfield></datafield><datafield ind1="1" ind2="3" tag="246"><subfield code="a">Echo du jour</subfield></datafield><datafield ind1=" " ind2=" " tag="260"><subfield code="a">New York [N.Y.] :</subfield><subfield code="b">J.J. Negrin,</subfield><subfield code="c">1808.</subfield></datafield><datafield ind1=" " ind2=" " tag="300"><subfield code="a">v. ;</subfield><subfield code="c">52 cm.</subfield></datafield><datafield ind1=" " ind2=" " tag="310"><subfield code="a">Daily (except Sunday)</subfield></datafield><datafield ind1="0" ind2=" " tag="362"><subfield code="a">Vol. 1, no. 1 (Jan. 1, 1808)-v. 1, no. 212 (Sept. 10, 1808).</subfield></datafield><datafield ind1=" " ind2=" " tag="500"><subfield code="a">"L'Oracle" appears within title ornament.</subfield></datafield><datafield ind1=" " ind2=" " tag="500"><subfield code="a">Subtitle: Echo du jour, appears within title ornament, Jan. 1-&lt;Aug. 18&gt;, 1808.</subfield></datafield><datafield ind1=" " ind2=" " tag="530"><subfield code="a">Also issued on microfilm by Readex Microprint Corp. as part of the Early American newspapers series.</subfield></datafield><datafield ind1=" " ind2=" " tag="546"><subfield code="a">In English and French.</subfield></datafield><datafield ind1=" " ind2="0" tag="650"><subfield code="a">French newspapers.</subfield></datafield><datafield ind1=" " ind2="0" tag="650"><subfield code="a">French Americans</subfield><subfield code="v">Newspapers.</subfield></datafield><datafield ind1=" " ind2="0" tag="651"><subfield code="a">New York (N.Y.)</subfield><subfield code="v">Newspapers.</subfield></datafield><datafield ind1=" " ind2="0" tag="651"><subfield code="a">New York County (N.Y.)</subfield><subfield code="v">Newspapers.</subfield></datafield><datafield ind1=" " ind2="7" tag="655"><subfield code="a">Newspapers.</subfield><subfield code="2">fast</subfield><subfield code="0">(OCoLC)fst01423814</subfield></datafield><datafield ind1=" " ind2="7" tag="650"><subfield code="a">French Americans.</subfield><subfield code="2">fast</subfield><subfield code="0">(OCoLC)fst00934236</subfield></datafield><datafield ind1=" " ind2="7" tag="650"><subfield code="a">French newspapers.</subfield><subfield code="2">fast</subfield><subfield code="0">(OCoLC)fst00934758</subfield></datafield><datafield ind1=" " ind2="7" tag="651"><subfield code="a">New York (State)</subfield><subfield code="z">New York.</subfield><subfield code="2">fast</subfield><subfield code="0">(OCoLC)fst01204333</subfield></datafield><datafield ind1=" " ind2="7" tag="651"><subfield code="a">New York (State)</subfield><subfield code="z">New York County.</subfield><subfield code="2">fast</subfield><subfield code="0">(OCoLC)fst01234953</subfield></datafield><datafield ind1=" " ind2=" " tag="752"><subfield code="a">United States</subfield><subfield code="b">New York</subfield><subfield code="c">New York</subfield><subfield code="d">New York.</subfield></datafield><datafield ind1="0" ind2="0" tag="780"><subfield code="t">Daily advertiser (New York, N.Y. : 1807)</subfield><subfield code="w">(DLC)sn 83030009</subfield><subfield code="w">(OCoLC)9297344</subfield></datafield><datafield ind1="0" ind2="0" tag="785"><subfield code="t">Daily advertiser (New York, N.Y. : 1808)</subfield><subfield code="w">(DLC)sn 85054102</subfield><subfield code="w">(OCoLC)11738810</subfield></datafield><datafield ind1=" " ind2=" " tag="938"><subfield code="a">Kirtas Technologies, Inc.</subfield><subfield code="b">KRTS</subfield><subfield code="n">736255</subfield></datafield></record>